
@article{morgado2023quaoar,
  title={A Dense Ring System Detected Around the Trans-Neptunian Object Quaoar Outside Its Roche Limit},
  author={Morgado, Bruno E. and Sicardy, Bruno and Leiva, R. and others},
  journal={Nature},
  volume={614},
  number={7949},
  pages={236--239},
  year={2023},
  publisher={Nature Publishing Group}
}

@article{braga2014ringschariklo,
  title={A Ring System Detected Around the Centaur (10199) Chariklo},
  author={Braga-Ribas, F. and Sicardy, B. and Ortiz, J.L. and others},
  journal={Nature},
  volume={508},
  number={7494},
  pages={72--75},
  year={2014},
  publisher={Nature Publishing Group}
}

@article{ortiz2017ringhaumea,
  title={The Size, Shape, Density and Ring of the Dwarf Planet Haumea from a Stellar Occultation},
  author={Ortiz, J.L. and Santos-Sanz, P. and Sicardy, B. and others},
  journal={Nature},
  volume={550},
  number={7675},
  pages={219--223},
  year={2017},
  publisher={Nature Publishing Group}
}
